@Article{ link-prediction,
	title = "The link-prediction problem for social networks",
	author = "David Liben-Nowell and Jon Kleinberg",
	journal = " Journal of the American Society for Information Science and Technology",
	pages = "1019--1031",
	volume = "58",
	month = mar,
	year = "2007"
}

@Article{ adamic-adar,
	title = "Friends and neighbors on the Web",
	author = "Lada A. Adamic and Eytan Adar",
	journal = "Social Networks",
	pages = "211--230",
	volume = "25",
	month = jul,
	year = "2003",
	doi = "http://dx.doi.org/10.1016/S0378-8733(03)00009-1"
}

